
%3 ELEKTORONICKé dokumenty:

@Misc{Simecek,
	author = {Martin ŠIMEČEK},
	title = {LaTeX 1. -- Co to je a proč se ho chtít učit?},
	howpublished = {[online]},
	year = {rev. 21. srpen 2013},
	url = {http://programujte.com/clanek/2013080500},
}

@Misc{Stastny,
	author = {Jakub ŠŤASTNÝ},
	title = {Editory pro TeX: který je nejlepší?},
	howpublished = {[online]},
	year = {rev. 3. března 2008},
	url = {https://www.root.cz/clanky/editory-pro-tex-ktery-je-nejlepsi},
}

@Misc{Davidek,
	author = {Kryštof DAVIDEK},
	title = {LaTeX ‒ Co, proč a jak},
	howpublished = {[online]},
	year = {rev. 29. leden 2019},
	url = {https://medium.com/edtech-kisk/latex-co-pro\%C4\%8D-a-jak-a4c1f4641616},
}

%2 MONOGRAFIE:

@Book{Gratzer,
	author = {George GRÄTZER},
	title = {More Math Into LaTeX},
	chapter = {Typing Math},
	publisher = {Springer},
	address = {Berlin},
	year = {2007},
	edition = {4},
	ISBN = {978-0387322896},
}

@Book{Rybicka,
	author = {Jiří RYBIČKA},
	title = {LaTeX pro začátečníky},
	chapter = {Základní informace},
	publisher = {Konvoj},
	address = {Brno},
	year = {2003},
	edition = {3},
	ISBN = {80-7302-049-1},
}

%seriálová publikace
@Article{Olsak,
	author = {Petr OLŠÁK},
	title = {TeX pro pragmatiky},
	journal = {Zpravodaj Československého sdružení uživatelů TeXu},
	volume = {24},
	number = {1 -- 4},
	pages = {29 -- 30},
	year = {2014},
	ISBN = {1211-6661},
}

%2 články v seriálové publikaci (zahraniční tištěné články)
@Article{Matthews,
	author = {David MATTHEWS},
	title = {Craft beautiful equations in Word with LaTeX},
	journal = {Nature},
	volume = {570},
	number = {7760},
	pages = {263--264},
	year = {2019},
	ISSN = {1476-4687},
}

@article{oksuzozcan,
    author = {Ozcan OKSÜZ and Uğur GÜDÜKBAY and A. Enis ÇETIN},
    title = {A video-based text and equation editor for LaTeX},
    journal = {Engineering applications of artificial intelligence},
    volume = {21},
    number = {6},
    pages = {952--960},
    year = {2008},
    ISSN = {0952-1976},
}

%2 kvalifikační práce (bakalářské, diplomové nebo disertační).
@MastersThesis{Sokol,
	author = {Miroslav SOKOL},
	type = {Diplomová práce},
	title = {Online LaTeX editor},
	school = {Vysoké učení technické v Brně. Fakulta informačních technologií. Ústav počítačové grafiky a multimédií},
	year = {2012},
}

@Mastersthesis{Pavelka,
    author = {Martin PAVELKA},
    type = {Bakalářská práce},
    title = {Nástroj pro tvorbu a sledování vývoje technické zprávy},
    school = {Vysoké učení technické v Brně, Fakulta informačních technologií},
    year = {2016},
}
